<?xml version="1.0" encoding="UTF-8"?><collection xmlns="http://www.loc.gov/MARC21/slim"><record><leader>00536nam--2200169-i-4500</leader><controlfield tag="001">000040454</controlfield><controlfield tag="002">20161230</controlfield><controlfield tag="005">20161230201042</controlfield><controlfield tag="008">060222s1000------------r-----000-0-eng-d</controlfield><datafield ind1=" " ind2=" " tag="040"><subfield code="a">IFIN-HH</subfield></datafield><datafield ind1=" " ind2=" " tag="080"><subfield code="a">015:539.17.015:546.65</subfield></datafield><datafield ind1="1" ind2=" " tag="100"><subfield code="a">Ryge, Peter</subfield></datafield><datafield ind1="1" ind2="0" tag="245"><subfield code="a">Measurements of time dependent perturbed angular correlations of rare earths implanted in copper</subfield><subfield code="b">Dissertation</subfield><subfield code="c">Peter ryge</subfield></datafield><datafield ind1=" " ind2=" " tag="260"><subfield code="a">Ann Arbor, Michigan</subfield><subfield code="b">University Microfilms</subfield><subfield code="c">1971</subfield></datafield><datafield ind1=" " ind2=" " tag="300"><subfield code="a">IV + 68P</subfield></datafield><datafield ind1=" " ind2=" " tag="852"><subfield code="a">37858</subfield><subfield code="c">539.17</subfield></datafield><datafield ind1=" " ind2=" " tag="CAT"><subfield code="a">Sys</subfield><subfield code="c">20120608</subfield><subfield code="h">134024</subfield></datafield></record></collection>